<record><leader>00000cas a22000007a 4500</leader><controlfield tag="001">11421337</controlfield><controlfield tag="008">841126d18991910nyudr ne      0    0eng d</controlfield><datafield ind1=" " ind2=" " tag="010"><subfield code="a">sn 84031801 </subfield></datafield><datafield ind1=" " ind2=" " tag="040"><subfield code="a">NYG</subfield><subfield code="b">eng</subfield><subfield code="c">NYG</subfield><subfield code="d">NPX</subfield><subfield code="d">NYS</subfield><subfield code="d">OCLCQ</subfield></datafield><datafield ind1=" " ind2=" " tag="042"><subfield code="a">msc</subfield></datafield><datafield ind1="0" ind2="0" tag="245"><subfield code="a">Press-Knickerbocker-express.</subfield></datafield><datafield ind1="1" ind2="7" tag="246"><subfield code="a">Daily press Knickerbocker &amp; Albany morning express</subfield></datafield><datafield ind1="3" ind2="0" tag="246"><subfield code="a">Sunday press</subfield></datafield><datafield ind1=" " ind2=" " tag="260"><subfield code="a">Albany, N.Y. :</subfield><subfield code="b">Allied Print.</subfield></datafield><datafield ind1=" " ind2=" " tag="300"><subfield code="a">v. ;</subfield><subfield code="c">56 cm.</subfield></datafield><datafield ind1=" " ind2=" " tag="310"><subfield code="a">Daily</subfield></datafield><datafield ind1="1" ind2=" " tag="362"><subfield code="a">Began in Aug. 1899.</subfield></datafield><datafield ind1="0" ind2=" " tag="362"><subfield code="a">-68th year (May 20, 1910).</subfield></datafield><datafield ind1=" " ind2=" " tag="500"><subfield code="a">Published on Sunday as: Sunday press.</subfield></datafield><datafield ind1=" " ind2=" " tag="588"><subfield code="a">Description based on: 57th year (Sept. 1, 1899).</subfield></datafield><datafield ind1=" " ind2="4" tag="651"><subfield code="a">Albany (N.Y.)</subfield><subfield code="v">Newspapers.</subfield></datafield><datafield ind1=" " ind2=" " tag="752"><subfield code="a">United States</subfield><subfield code="b">New York</subfield><subfield code="c">Albany</subfield><subfield code="d">Albany.</subfield></datafield><datafield ind1="0" ind2="0" tag="780"><subfield code="t">Daily press-knickerbocker, Albany morning express</subfield><subfield code="w">(DLC)sn 88074205</subfield></datafield><datafield ind1="0" ind2="0" tag="785"><subfield code="t">Knickerbocker press</subfield><subfield code="w">(DLC)sn 84031296</subfield></datafield><datafield ind1="1" ind2=" " tag="029"><subfield code="a">AU@</subfield><subfield code="b">000024688442</subfield></datafield></record>